<mx:record xmlns="http://www.w3.org/TR/xhtml1/strict" xmlns:mx="http://www.loc.gov/MARC21/slim" xmlns:xsi="http://www.w3.org/2001/XMLSchema-instance"><mx:leader>00000nz   2200000n  0000</mx:leader><mx:controlfield tag="001">oca07577683 </mx:controlfield><mx:controlfield tag="005">20071108051638.0</mx:controlfield><mx:controlfield tag="008">071107n| acannaabn          |a aaa      </mx:controlfield><mx:datafield ind1=" " ind2=" " tag="010"><mx:subfield code="a">nb2007025461</mx:subfield></mx:datafield><mx:datafield ind1=" " ind2=" " tag="040"><mx:subfield code="a">Uk</mx:subfield><mx:subfield code="b">eng</mx:subfield><mx:subfield code="c">Uk</mx:subfield></mx:datafield><mx:datafield ind1="1" ind2=" " tag="100"><mx:subfield code="a">Corbulo, Gnaeus Domitius,</mx:subfield><mx:subfield code="d">d. 67</mx:subfield></mx:datafield><mx:datafield ind1="1" ind2=" " tag="400"><mx:subfield code="a">Corbulo, Cn. Domitius</mx:subfield><mx:subfield code="q">(Cnaeus Domitius),</mx:subfield><mx:subfield code="d">d. 67</mx:subfield></mx:datafield><mx:datafield ind1="1" ind2=" " tag="400"><mx:subfield code="a">Corbulo, Cnaeus Domitius,</mx:subfield><mx:subfield code="d">d. 67</mx:subfield></mx:datafield><mx:datafield ind1=" " ind2=" " tag="670"><mx:subfield code="a">Personendarstellung bei Tacitus : am Beispiel von Cn. Domitius Corbulo ... c2007</mx:subfield></mx:datafield><mx:datafield ind1=" " ind2=" " tag="670"><mx:subfield code="a">Britannica online encyc., 7 Nov. 2007</mx:subfield><mx:subfield code="b">(Gnaeus Domitius Corbulo, died AD 67; Roman general)</mx:subfield></mx:datafield></mx:record>